

@article{Bassler_2004,
	doi = {10.1002/14651858.cd001384.pub2},
	url = {https://doi.org/10.1002%2F14651858.cd001384.pub2},
	year = 2004,
	month = {jan},
	publisher = {Wiley},
	author = {Dirk Bassler and Andrew AD Mitra and Francine M Ducharme and Johannes Forster and Guido Schwarzer},
	title = {Ketotifen alone or as additional medication for long-term control of asthma and wheeze in children},
	journal = {Cochrane Database of Systematic Reviews}
}


@article{Colditz_1994,
	doi = {10.1001/jama.1994.03510330076038},
	url = {https://doi.org/10.1001%2Fjama.1994.03510330076038},
	year = 1994,
	month = {mar},
	publisher = {American Medical Association ({AMA})},
	volume = {271},
	number = {9},
	pages = {698},
	author = {Graham A. Colditz},
	title = {Efficacy of {BCG} Vaccine in the Prevention of Tuberculosis},
	journal = {{JAMA}}
}